@unpublished{Scenegraph,
	title = "",
	author = "{Scene Graph in Wikipedia}",
	note = "\texttt{\\http://en.wikipedia.org/wiki/Scene-graph}",
}

@unpublished{jogl,
	title = "",
	author = "{Java OpenGL}",
	note = "\texttt{\\http://en.wikipedia.org/wiki/JOGL}",
}

@unpublished{GLEW,
	title = "",
	author = "{The OpenGL Extension Wrangler Library}",
	note = "\texttt{\\http://glew.sourceforge.net/}",
}

@unpublished{OpenScenegraph,
	title = "",
	author = "{Open Scene Graph project}",
	note = "\texttt{\\http://www.openscenegraph.org/projects/osg}",
}

@unpublished{OpenInventor,
	title = "",
	author = "{Open Inventor}",
	note = "\texttt{\\http://oss.sgi.com/projects/inventor}",
}

@INPROCEEDINGS{Flatt06schemewith,
	author = "{Matthew Flatt and Robert Bruce Findler and Matthias Felleisen}",
	title = "{Scheme with Classes, Mixins, and Traits}",
	booktitle = {In Asian Symposium on Programming Languages and Systems (APLAS) 2006},
	year = {2006},
	pages = {270--289}
}

@INPROCEEDINGS{Findler06slideshow,
	author = "{Robert Bruce Findler, Matthew Flatt}",
	title = "{Slideshow: functional presentations}",
	booktitle = "{Journal of Functional Programming}", 
        volume = "v.16 n.4-5",
	year = {July 2006},
	pages = {583--619},
	note = "\texttt{\\http://www.cs.utah.edu/plt/publications/jfp05-ff.pdf}",
}

@unpublished{OpenGL,
	title = "",
	author = "{OpenGL: The Industry's Foundation for High Performance Graphics}", 
	note = "\texttt{http://www.opengl.org/}",
} 

@unpublished{Java3D,
	title = "",
	author = "{Java 3D - 3D Graphics Tutorial and Information}", 
	note = "\texttt{\\http://www.java3d.org/}",
} 

@INPROCEEDINGS{Barzilay04foreigninterface,
    	author = "{Eli Barzilay, Dmitry Orlovsky}",
    	title = "{Foreign interface for PLT Scheme}",
    	booktitle = "{In Workshop on Scheme and Functional Programming}",
    	year = {2004},
	note = "\texttt{\\http://repository.readscheme.org/ftp/papers/sw2004/\\barzilay.pdf}",
}

@unpublished{SGL,
	title = "",
	author = "{GL: 3-D Graphics in PLT Scheme}", 
	note = "\texttt{\\http://pre.plt-scheme.org/docs/html/sgl/index.html}",
}


@unpublished{MrEd,
	title = "",
	author = "{MrEd}", 
	note = "\texttt{http://www.plt-scheme.org/software/mred/}",
}

@unpublished{GLUT,
	title = "",
	author = "{GLUT (Graphics Library Utility Toolkit)}",
	note = "\texttt{\\http://www.opengl.org/documentation/\\specs/glut/spec3/spec3.html}",
}
